@article{Sankaran2017,
  doi = {10.1080/10618600.2017.1392866},
  url = {https://doi.org/10.1080/10618600.2017.1392866},
  year  = {2017},
  month = {oct},
  publisher = {Informa {UK} Limited},
  pages = {0--0},
  author = {Kris Sankaran and Susan Holmes},
  title = {Interactive Visualization of Hierarchically Structured Data},
  journal = {Journal of Computational and Graphical Statistics}
}

@article{Callahan2016,
  doi = {10.12688/f1000research.8986.2},
  url = {https://doi.org/10.12688/f1000research.8986.2},
  year  = {2016},
  month = {nov},
  publisher = {F1000 Research,  Ltd.},
  volume = {5},
  pages = {1492},
  author = {Ben J. Callahan and Kris Sankaran and Julia A. Fukuyama and Paul J. McMurdie and Susan P. Holmes},
  title = {Bioconductor Workflow for Microbiome Data Analysis: from raw reads to community analyses},
  journal = {F1000Research}
}

@article{Fukuyama2017,
  doi = {10.1371/journal.pcbi.1005706},
  url = {https://doi.org/10.1371/journal.pcbi.1005706},
  year  = {2017},
  month = {aug},
  publisher = {Public Library of Science ({PLoS})},
  volume = {13},
  number = {8},
  pages = {e1005706},
  author = {Julia Fukuyama and Laurie Rumker and Kris Sankaran and Pratheepa Jeganathan and Les Dethlefsen and David A. Relman and Susan P. Holmes},
  editor = {Elhanan Borenstein},
  title = {Multidomain analyses of a longitudinal human microbiome intestinal cleanout perturbation experiment},
  journal = {{PLOS} Computational Biology}
}

@Manual{mvarvis,
  title = {mvarVis: Visualize multivariate analysis results.},
  author = {Kris Sankaran and Lan Nguyen},
  year = {2017},
  note = {Available at \url{http://github.com/krisrs1128/mvarvis}}
}

@Manual{centroidview,
  title = {centroidview: Visualization of subtree centroids.},
  author = {Kris Sankaran},
  year = {2017},
  note = {Available at \url{http://github.com/krisrs1128/centroidview}}
}

@article{sankaran2014structssi,
  title={{structSSI}: Simultaneous and Selective Inference for Grouped or Hierarchically Structured Data},
  author={Sankaran, Kris and Holmes, Susan},
  journal={Journal of Statistical Software},
  volume={59},
  number={13},
  pages={1},
  year={2014},
  publisher={NIH Public Access}
}

@article{sankaran2017latent,
  title={Latent Variable Modeling for the Microbiome},
  author={Sankaran, Kris and Holmes, Susan P},
  journal={arXiv preprint arXiv:1706.04969},
  year={2017}
}

@article{callahan2016dada2,
  title={DADA2: high-resolution sample inference from Illumina amplicon data},
  author={Callahan, Benjamin J and McMurdie, Paul J and Rosen, Michael J and Han, Andrew W and Johnson, Amy Jo A and Holmes, Susan P},
  journal={Nature methods},
  volume={13},
  number={7},
  pages={581--583},
  year={2016},
  publisher={Nature Research}
}

@article{fukuyama2017adaptive,
  title={Adaptive {gPCA}: A method for structured dimensionality reduction},
  author={Fukuyama, Julia},
  journal={arXiv preprint arXiv:1702.00501},
  year={2017}
}

@article{sankaran2017inference,
  title={Inference of Dynamic Regimes in the Microbiome},
  author={Sankaran, Kris and Holmes, Susan P},
  note={Available at \url{http://krisrs1128.github.io/personal-site/projects/projects.html}},
  year={2017}
}

@article{sankaran2017survey,
  title={Multitable Data Analysis for the Microbiome},
  author={Sankaran, Kris and Holmes, Susan P},
  note={Available at \url{http://krisrs1128.github.io/personal-site/projects/projects.html}},
  year={2017}
}
